@INPROCEEDINGS{devito:terra,
 AUTHOR = { DeVito, Zachary and Hegarty, James and Aiken, Alex and Hanrahan, Pat and Vitek, Jan}
 TITLE = { Terra: A Multi-Stage Language for High-Performance Computing}
 BOOKTITLE = { ACM SIGPLAN Conference on Programming Language Design and
   Implementation }
  PAGES = "84-89",
  ORGANIZATION = "TeX Users Group",
  MONTH = "June", 
  YEAR = "2013",
}
