
@Book{Hastie2009,
  author =       "Trevor Hastie and Robert Tibshirani and Jerome Friedman",
  title =        "Elements of Statistical Learning",
  publisher =    "Springer",
  year =         "2009",
  edition =      "2nd.",
  editor = 	 "",
  volume = 	 "",
  number = 	 "",
  series = 	 "Springer Series in Statistics",
  month = 	 "",
  note = 	 "",
}
